@inproceedings{shawar2007chatbots,
  title={Chatbots: are they really useful?},
  author={Shawar, Bayan Abu and Atwell, Eric},
  booktitle={LDV Forum},
  volume={22},
  number={1},
  pages={29--49},
  year={2007}
}

@book{shawar2002comparison,
  title={A comparison between ALICE and Elizabeth chatbot systems},
  author={Shawar, Bayan Abu and Atwell, Eric},
  year={2002},
  publisher={University of Leeds, School of Computing research report 2002.19}
}

@inproceedings{huang2007extracting,
  title={Extracting Chatbot Knowledge from Online Discussion Forums.},
  author={Huang, Jizhou and Zhou, Ming and Yang, Dan},
  booktitle={IJCAI},
  volume={7},
  pages={423--428},
  year={2007}
}

@MISC{small2017,
title={\textit{Implementing The Famous ELIZA Chatbot In Python}},
author={Small Sure Thing}, 
howpublished={\texttt{https://www.smallsurething.com/implementing-the-famous-eliza -chatbot-in-python}}, 
year={2017} 
} 

@book{joseph1966eliza,
title={\textit{ELIZA - a computer program for the study of Natural Language Communication between man and machine}},
author={Joseph Veizenbaum},
booktitle={Communications of the ACM}, 
editor={A.G.Oettinger},
year={1966} 
} 




